<record><leader>00000cas a22000007a 4500</leader><controlfield tag="001">10596985</controlfield><controlfield tag="008">840405d18701885mduwr ne      0    0eng d</controlfield><datafield ind1=" " ind2=" " tag="010"><subfield code="a">sn 84026677 </subfield></datafield><datafield ind1=" " ind2=" " tag="040"><subfield code="a">NPU</subfield><subfield code="b">eng</subfield><subfield code="c">NPU</subfield><subfield code="d">OCL</subfield><subfield code="d">MFN</subfield><subfield code="d">OCLCQ</subfield></datafield><datafield ind1=" " ind2=" " tag="042"><subfield code="a">msc</subfield></datafield><datafield ind1="0" ind2="4" tag="245"><subfield code="a">The Baltimore County herald.</subfield></datafield><datafield ind1="1" ind2="3" tag="246"><subfield code="a">County herald</subfield></datafield><datafield ind1=" " ind2=" " tag="260"><subfield code="a">Towsontown, Md. :</subfield><subfield code="b">Charles A. Conner</subfield></datafield><datafield ind1=" " ind2=" " tag="300"><subfield code="a">v.</subfield></datafield><datafield ind1=" " ind2=" " tag="310"><subfield code="a">Weekly</subfield></datafield><datafield ind1="1" ind2=" " tag="362"><subfield code="a">Began in Mar. 1870? Ceased in Sept. 1885?</subfield></datafield><datafield ind1=" " ind2=" " tag="588"><subfield code="a">Description based on: Vol. 1, no. 2 (Apr. 2, 1870).</subfield></datafield><datafield ind1=" " ind2=" " tag="752"><subfield code="a">United States</subfield><subfield code="b">Maryland</subfield><subfield code="c">Baltimore</subfield><subfield code="d">Towson.</subfield></datafield><datafield ind1="0" ind2="4" tag="785"><subfield code="t">Baltimore County Democrat</subfield><subfield code="w">(DLC)sn 88065130</subfield></datafield></record>